@article{RN17,
   author = {Aizawa, Akiko},
   title = {An information-theoretic perspective of tf–idf measures},
   journal = {Information Processing & Management},
   volume = {39},
   number = {1},
   pages = {45-65},
   ISSN = {0306-4573},
   year = {2003},
   type = {Journal Article}
}
@inproceedings{tian2010improvement,
  title={An improvement to tf: Term distribution based term weight algorithm},
  author={Tian, Xia and Tong, Wang},
  booktitle={2010 Second International Conference on Networks Security, Wireless Communications and Trusted Computing},
  volume={1},
  pages={252--255},
  year={2010},
  organization={IEEE}
}

@inproceedings{RN21,
   author = {Bafna, Prafulla and Pramod, Dhanya and Vaidya, Anagha},
   title = {Document clustering: TF-IDF approach},
   booktitle = {2016 International Conference on Electrical, Electronics, and Optimization Techniques (ICEEOT)},
   publisher = {IEEE},
   pages = {61-66},
   ISBN = {1467399396},
   type = {Conference Proceedings},
   year={2016}
}

@book{RN23,
   author = {Beel, Joeran and Langer, Stefan and Gipp, Bela},
   title = {TF-IDuF: A novel term-weighting scheme for user modeling based on users’ personal document collections},
   publisher = {University of Illinois},
   year = {2017},
   type = {Book}
}

@article{RN28,
   author = {Campos, Pedro G. and Díez, Fernando and Cantador, Iván},
   title = {Time-aware recommender systems: a comprehensive survey and analysis of existing evaluation protocols},
   journal = {User Modeling and User-Adapted Interaction},
   volume = {24},
   number = {1-2},
   pages = {67-119},
   ISSN = {0924-1868},
   year = {2014},
   type = {Journal Article}
}

@article{RN32,
   author = {Cer, Daniel and Yang, Yinfei and Kong, Sheng-yi and Hua, Nan and Limtiaco, Nicole and John, Rhomni St and Constant, Noah and Guajardo-Cespedes, Mario and Yuan, Steve and Tar, Chris},
   title = {Universal sentence encoder},
   journal = {arXiv preprint arXiv:1803.11175},
   year = {2018},
   type = {Journal Article}
}

@article{RN25,
   author = {Chen, Kewen and Zhang, Zuping and Long, Jun and Zhang, Hao},
   title = {Turning from TF-IDF to TF-IGM for term weighting in text classification},
   journal = {Expert Systems with Applications},
   volume = {66},
   pages = {245-260},
   ISSN = {0957-4174},
   year = {2016},
   type = {Journal Article}
}

@book{robertson2009probabilistic,
  title={The probabilistic relevance framework: BM25 and beyond},
  author={Robertson, Stephen and Zaragoza, Hugo},
  year={2009},
  publisher={Now Publishers Inc}
}
@misc{doug2015bm25,
   author = {Turnbell, Doug},
   title = {BM25 The Next generation of Lucene Relavance},
   publisher = {OpenSource Connections},
   number = {16 October, 2015},
   url = {https://opensourceconnections.com/blog/2015/10/16/bm25-the-next-generation-of-lucene-relevation/},
   year = {2015},
   type = {Blog}
}

@misc{google2018use,
   author = {Google},
   title = {universal-sentence-encoder},
   publisher = {Google},
   number = {2018},
   url = {https://tfhub.dev/google/universal-sentence-encoder/4},
   year = {2018},
   type = {API}
}

@misc{alex2013elastic,
   author = {Brasetvik, Alex},
   title = {Elasticsearch from the Bottom Up, Part 1},
   publisher = {Elasticsearch B.V},
   number = {16 SEPTEMBER 2013},
   url = {https://www.elastic.co/blog/found-elasticsearch-from-the-bottom-up},
   year = {2013},
   type = {Blog}
}

@misc{julie2019USE,
   author = {Tibshirani, Julie},
   title = {Text similarity search with vector fields},
   publisher = {Elasticsearch B.V.},
   number = {27 AUGUST 2019},
   url = {https://www.elastic.co/blog/text-similarity-search-with-vectors-in-elasticsearch},
   year = {2019},
   type = {Blog}
}
@inproceedings{clarke2004overview,
  title={Overview of the TREC 2004 Terabyte Track.},
  author={Clarke, Charles LA and Craswell, Nick and Soboroff, Ian},
  booktitle={TREC},
  volume={4},
  pages={74},
  year={2004}
}

@misc{Huang2018trec,
   author = {Huang, Shudong and Harman, Donna and Soboroff, Ian},
   title = {The TREC News Track},
   publisher = {TREC},
   number = {2018},
   url = {http://trec-news.org/},
   year = {2018},
   type = {Article}
}
@inproceedings{iyyer2015deep,
  title={Deep unordered composition rivals syntactic methods for text classification},
  author={Iyyer, Mohit and Manjunatha, Varun and Boyd-Graber, Jordan and Daum{\'e} III, Hal},
  booktitle={Proceedings of the 53rd annual meeting of the association for computational linguistics and the 7th international joint conference on natural language processing (volume 1: Long papers)},
  pages={1681--1691},
  year={2015}
}

@inproceedings{vaswani2017attention,
  title={Attention is all you need},
  author={Vaswani, Ashish and Shazeer, Noam and Parmar, Niki and Uszkoreit, Jakob and Jones, Llion and Gomez, Aidan N and Kaiser, {\L}ukasz and Polosukhin, Illia},
  booktitle={Advances in neural information processing systems},
  pages={5998--6008},
  year={2017}
}
@inproceedings{RN22,
   author = {Chum, Ondrej and Philbin, James and Zisserman, Andrew},
   title = {Near Duplicate Image Detection: min-Hash and tf-idf Weighting},
   booktitle = {BMVC},
   volume = {810},
   pages = {812-815},
   type = {Conference Proceedings},
   year={2008}
}

@inproceedings{RN24,
   author = {Domeniconi, Giacomo and Moro, Gianluca and Pasolini, Roberto and Sartori, Claudio},
   title = {A Study on Term Weighting for Text Categorization: A Novel Supervised Variant of tf. idf},
   booktitle = {DATA},
   pages = {26-37},
   type = {Conference Proceedings},
   year={2015}
}

@inbook{RN13,
   author = {El-Khair, Ibrahim Abu},
   title = {Term Weighting},
   booktitle = {Encyclopedia of Database Systems},
   publisher = {Springer US},
   address = {Boston, MA},
   pages = {3037-3040},
   ISBN = {978-0-387-39940-9},
   DOI = {10.1007/978-0-387-39940-9_943},
   url = {https://doi.org/10.1007/978-0-387-39940-9_943},
   year = {2009},
   type = {Book Section}
}

@INPROCEEDINGS{7817104,  
author={N. {Alsaedi} and P. {Burnap} and O. {Rana}},  booktitle={2016 IEEE/WIC/ACM International Conference on Web Intelligence (WI)},   
title={Temporal TF-IDF: A High Performance Approach for Event Summarization in Twitter},   
year={2016},  
volume={},  number={},  pages={515-521},}

@inproceedings{RN27,
   author = {Kacem, Ameni and Boughanem, Mohand and Faiz, Rim},
   title = {Time-sensitive user profile for optimizing search personlization},
   booktitle = {International conference on user modeling, adaptation, and personalization},
   publisher = {Springer},
   pages = {111-121},
   type = {Conference Proceedings},
   year = {2014}
}

@inproceedings{RN30,
   author = {Keikha, Mostafa and Park, Jae Hyun and Croft, W. Bruce and Sanderson, Mark},
   title = {Retrieving passages and finding answers},
   booktitle = {Proceedings of the 2014 Australasian Document Computing Symposium},
   pages = {81-84},
   type = {Conference Proceedings},
   year = {2014}
}
@article{matsuo2018semantic,
  title={Semantic term weighting for clinical texts},
  author={Matsuo, Ryosuke and Ho, Tu Bao},
  journal={Expert Systems with Applications},
  volume={114},
  pages={543--551},
  year={2018},
  publisher={Elsevier}
}

@inproceedings{DBLP:conf/ijcai/WangCL13,
  author    = {Hao Wang and
               Binyi Chen and
               Wu-Jun Li},
  title     = {Collaborative Topic Regression with Social Regularization
               for Tag Recommendation},
  booktitle = {IJCAI},
  year      = {2013}
}

@Inbook{Amati2009,
author="Amati, Giambattista",
title="BM25",
bookTitle="Encyclopedia of Database Systems",
year="2009",
publisher="Springer US",
address="Boston, MA",
pages="257--260",
isbn="978-0-387-39940-9",
doi="10.1007/978-0-387-39940-9_921",
url="https://doi.org/10.1007/978-0-387-39940-9_921"
}

@misc{RN31,
   year = {2015},
   type = {Web Page}
}

@inproceedings{RN14,
   author = {Paik, Jiaul H.},
   title = {A novel TF-IDF weighting scheme for effective ranking},
   booktitle = {Proceedings of the 36th international ACM SIGIR conference on Research and development in information retrieval},
   pages = {343-352},
   type = {Conference Proceedings},
   year={2013}
}

@misc{clarke2000question,
  title={Question answering by passage selection (MultiText experiments for TREC-9)},
  author={Clarke, Charles LA and Cormack, Gordon V and Kisman, Derek IE and Lynam, Thomas R},
  year={2000},
  publisher={Citeseer}
}
@incollection{adomavicius2011context,
  title={Context-aware recommender systems},
  author={Adomavicius, Gediminas and Tuzhilin, Alexander},
  booktitle={Recommender systems handbook},
  pages={217--253},
  year={2011},
  publisher={Springer}
}
@article{RN26,
   author = {Park, Laurence A. F. and Ramamohanarao, Kotagiri and Palaniswami, Marimuthu},
   title = {A novel document retrieval method using the discrete wavelet transform},
   journal = {ACM Transactions on Information Systems (TOIS)},
   volume = {23},
   number = {3},
   pages = {267-298},
   ISSN = {1046-8188},
   year = {2005},
   type = {Journal Article}
}

@misc{RN19,
   url = {https://trec.nist.gov/data/wapost/},
   year = {2018},
   type = {Online Database}
}

@article{RN18,
   author = {Qaiser, Shahzad and Ali, Ramsha},
   title = {Text mining: use of TF-IDF to examine the relevance of words to documents},
   journal = {International Journal of Computer Applications},
   volume = {181},
   number = {1},
   pages = {25-29},
   year = {2018},
   type = {Journal Article}
}

@inproceedings{RN15,
   author = {Ramos, Juan},
   title = {Using tf-idf to determine word relevance in document queries},
   booktitle = {Proceedings of the first instructional conference on machine learning},
   publisher = {Piscataway, NJ},
   volume = {242},
   pages = {133-142},
   type = {Conference Proceedings},
   year={2003}
}
@INPROCEEDINGS{7830087,  author={H. {Kaur} and V. {Gupta}},  booktitle={2016 International Conference on Inventive Computation Technologies (ICICT)},   title={Indexing process insight and evaluation},   year={2016},  volume={3},  number={},  pages={1-5},}

@inproceedings{RN20,
   author = {Soboroff, Ian and Huang, Shudong and Harman, Donna},
   title = {TREC 2018 News Track Overview},
   booktitle = {The Twenty-Seventh Text RE-trieval Conference (TREC 2018) Proceedings},
   type = {Conference Proceedings},
   year = {2018}
}

@inproceedings{RN29,
   author = {Wang, Hao and Chen, Binyi and Li, Wu-Jun},
   title = {Collaborative topic regression with social regularization for tag recommendation},
   booktitle = {Twenty-Third International Joint Conference on Artificial Intelligence},
   type = {Conference Proceedings}
}

@article{RN16,
   author = {Wu, Ho Chung and Luk, Robert Wing Pong and Wong, Kam Fai and Kwok, Kui Lam},
   title = {Interpreting tf-idf term weights as making relevance decisions},
   journal = {ACM Transactions on Information Systems (TOIS)},
   volume = {26},
   number = {3},
   pages = {1-37},
   ISSN = {1046-8188},
   year = {2008},
   type = {Journal Article}
}

@article{DBLP:journals/corr/abs-1810-04805,
  author    = {Jacob Devlin and
               Ming{-}Wei Chang and
               Kenton Lee and
               Kristina Toutanova},
  title     = {{BERT:} Pre-training of Deep Bidirectional Transformers for Language
               Understanding},
  journal   = {CoRR},
  volume    = {abs/1810.04805},
  year      = {2018},
  url       = {http://arxiv.org/abs/1810.04805},
  archivePrefix = {arXiv},
  eprint    = {1810.04805},
  timestamp = {Tue, 30 Oct 2018 20:39:56 +0100},
  biburl    = {https://dblp.org/rec/journals/corr/abs-1810-04805.bib},
  bibsource = {dblp computer science bibliography, https://dblp.org}
}

@article{DBLP:journals/corr/ConneauKSBB17,
  author    = {Alexis Conneau and
               Douwe Kiela and
               Holger Schwenk and
               Lo{\"{\i}}c Barrault and
               Antoine Bordes},
  title     = {Supervised Learning of Universal Sentence Representations from Natural
               Language Inference Data},
  journal   = {CoRR},
  volume    = {abs/1705.02364},
  year      = {2017},
  url       = {http://arxiv.org/abs/1705.02364},
  archivePrefix = {arXiv},
  eprint    = {1705.02364},
  timestamp = {Mon, 13 Aug 2018 16:48:46 +0200},
  biburl    = {https://dblp.org/rec/journals/corr/ConneauKSBB17.bib},
  bibsource = {dblp computer science bibliography, https://dblp.org}
}
